@article{hubner2010dual,
  title={A dual-stage two-phase model of selective attention.},
  author={H{\"u}bner, Ronald and Steinhauser, Marco and Lehle, Carola},
  journal={Psychological Review},
  volume={117},
  number={3},
  pages={759--784},
  year={2010},
  publisher={American Psychological Association}
}

@article{evans2020comparison,
  title={A comparison of conflict diffusion models in the flanker task through pseudolikelihood Bayes factors.},
  author={Evans, Nathan J and Servant, Mathieu},
  journal={Psychological Review},
  volume={127},
  number={1},
  pages={114--135},
  year={2020},
  publisher={American Psychological Association}
}

@article{white2011diffusion,
  title={Diffusion models of the flanker task: Discrete versus gradual attentional selection},
  author={White, Corey N and Ratcliff, Roger and Starns, Jeffrey J},
  journal={Cognitive psychology},
  volume={63},
  number={4},
  pages={210--238},
  year={2011},
  publisher={Elsevier}
}

@article{ulrich2015automatic,
  title={Automatic and controlled stimulus processing in conflict tasks: Superimposed diffusion processes and delta functions},
  author={Ulrich, Rolf and Schr{\"o}ter, Hannes and Leuthold, Hartmut and Birngruber, Teresa},
  journal={Cognitive psychology},
  volume={78},
  pages={148--174},
  year={2015},
  publisher={Elsevier}
}

@article{dillon2015computational,
  title={A computational analysis of flanker interference in depression},
  author={Dillon, Daniel G and Wiecki, Thomas and Pechtel, Pia and Webb, Christian and Goer, Franziska and Murray, Laura and Trivedi, Madhukar and Fava, Maurizio and McGrath, Patrick J and Weissman, Myrna and others},
  journal={Psychological medicine},
  volume={45},
  number={11},
  pages={2333--2344},
  year={2015},
  publisher={Cambridge University Press}
}

